@book{Kerrisk2010,
    author = "Michael  Kerrisk",
    editor = "Riley  Hoffman",
    title = "The Linux Programming Interface: A Linux and UNIX System Programming Handbook",
    publisher = "No Starch Press",
    year = "2010",
    volume = "",
    number = "",
    series = "No Starch Press Series",
    address = "San Fransico, CA 94103",
    edition = "",
    month = "",
    note = "",
    keywords = "linux",
    link = "https://drive.google.com/file/d/1hJKLGe8\_kOJhTW4m6e\_iMdAyrFqdc2M8/view?usp=sharing",
    url = "https://books.google.co.uk/books?id=5J9wmAEACAAJ",
    key = "isbn:9781593272203",
    isbn = "9781593272203"
}

@manual{LaTeX2020,
    title = "New {\LaTeX} methods for authors (starting 2020)",
    author = "",
    organization = "{\LaTeX} Project Team",
    address = "",
    edition = "",
    month = "Feb",
    year = "2022",
    note = "",
    url = "https://www.latex-project.org/help/documentation/\#general-documentation",
    key = "LaTeX2020",
    eprint = "https://www.latex-project.org/help/documentation/usrguide3.pdf"
}
