@book{kerrisk2010linux,
  title={The Linux Programming Interface: A Linux and UNIX System Programming Handbook},
  author={Kerrisk, M.},
  isbn={9781593272203},
  lccn={2010001947},
  series={No Starch Press Series},
  url={https://books.google.com/books?id=5J9wmAEACAAJ},
  year={2010},
  publisher={No Starch Press}
}